@misc{groisser2019geometry,
  title={Geometry of the EOS(R) Radiographic Scanner}, 
  author={Benjamin Groisser},
  year={2019},
  eprint={1904.06711},
  archivePrefix={arXiv},
  primaryClass={eess.IV},
  doi={arXiv:1904.06711v1},
  url={https://arxiv.org/abs/1904.06711}
}
@book{glassnerIntro,
    author = {Andrew Glassner, Morgan Kaufmann},
    title = {An Introduction to Ray Tracing},
    publisher = {Academic Press},
    year = {1989},
}
@misc{Yoder_2003,
  title={B4wind userâ€™s guide - trilinear interpolation},
  url={https://www.grc.nasa.gov/WWW/winddocs/utilities/b4wind_guide/trilinear.html},
  journal={NASA},
  publisher={NASA},
  author={Yoder, Dennis},
  year={2003}
}
